<?xml version="1.0" encoding="UTF-8"?><collection xmlns="http://www.loc.gov/MARC21/slim"><record><leader>00423nam--2200133-i-4500</leader><controlfield tag="001">000033290</controlfield><controlfield tag="002">20161230</controlfield><controlfield tag="005">20161230201039</controlfield><controlfield tag="008">060222s1000------------r-----000-0-eng-d</controlfield><datafield ind1=" " ind2=" " tag="080"><subfield code="a">543.061</subfield></datafield><datafield ind1=" " ind2=" " tag="245"><subfield code="a">Metodi di separazione nella chimica inorganica.corso estivo tenuto a roma, accademia naz. dei lincei, 17-27 settembre 1962</subfield></datafield><datafield ind1=" " ind2=" " tag="260"><subfield code="a">Roma, C.N.R. 1963. 144p</subfield></datafield><datafield ind1=" " ind2=" " tag="490"><subfield code="a">Corsi E Seminari Di Chimica.2,3,</subfield></datafield><datafield ind1=" " ind2=" " tag="852"><subfield code="a">24292</subfield></datafield></record></collection>